@inproceedings{two-layer,
  title={A two-layer intra-domain routing scheme for Named Data Networking},
  author={Dai, Huichen and Lu, Jianyuan and Wang, Yi and Liu, Bin},
  booktitle={Global Communications Conference (GLOBECOM), 2012 IEEE},
  pages={2815--2820},
  year={2012},
  organization={IEEE}
}